@ARTICLE{1988ApJ...328..161K,
   author = {{Kleinmann} et al.},
  journal = {\apj},
     year = 1988,
   volume = 328,
    pages = {161-169},
}
@ARTICLE{1993ApJ...415...82H,
   author = {{Hines} et al.},
  journal = {\apj},
     year = 1993,
   volume = 415,
    pages = {82-+},
}
@ARTICLE{1999ApJ...512..145H,
   author = {{Hines} et al.},
  journal = {\apj},
     year = 1999,
   volume = 512,
    pages = {145-156},
}
@ARTICLE{1999Ap&SS.266..113A,
   author = {{Armus} et al.},
  journal = {\apss},
     year = 1999,
   volume = 266,
    pages = {113-118},
}
@ARTICLE{2000AJ....120..562T,
   author = {{Tran} et al.},
  journal = {\aj},
     year = 2000,
   volume = 120,
    pages = {562-574},
}
@ARTICLE{1993ApJ...414L..17D,
   author = {{Donahue} et al.},
  journal = {\apjl},
     year = 1993,
   volume = 414,
    pages = {L17-L20},
}
@ARTICLE{2001A&A...376L..27S,
   author = {{Schindler} et al.},
  journal = {\aap},
     year = 2001,
   volume = 376,
    pages = {L27-L30},
}
@ARTICLE{2001MNRAS.321L..15I,
   author = {{Iwasawa} et al.},
  journal = {\mnras},
     year = 2001,
   volume = 321,
    pages = {L15-L19},
}
@ARTICLE{2004ApJ...607..800B,
   author = {{B{\^i}rzan} et al.},
  journal = {\apj},
     year = 2004,
   volume = 607,
    pages = {800-809},
}
@ARTICLE{2006ApJ...643..730D,
   author = {{Donahue} et al.},
  journal = {\apj},
     year = 2006,
   volume = 643,
    pages = {730-750},
}
@ARTICLE{2005ApJ...634..955V,
   author = {{Voit} et al.},
  journal = {\apj},
     year = 2005,
   volume = 634,
    pages = {955-963},
}
@ARTICLE{2002ApJ...576..601V,
   author = {{Voit} et al.},
  journal = {\apj},
     year = 2002,
   volume = 576,
    pages = {601-624},
}
@ARTICLE{2005RvMP...77..207V,
   author = {{Voit}},
  journal = {Reviews of Modern Physics},
     year = 2005,
   volume = 77,
    pages = {207-258},
}
@ARTICLE{2006MNRAS.368..497D,
   author = {{Diehl} et al.},
  journal = {\mnras},
     year = 2006,
   volume = 368,
    pages = {497-510},
}
@ARTICLE{1977MNRAS.180..479F,
   author = {{Fabian} et al.},
  journal = {\mnras},
     year = 1977,
   volume = 180,
    pages = {479-484},
}
@ARTICLE{1977ApJ...215..723C,
   author = {{Cowie} et al.},
  journal = {\apj},
     year = 1977,
   volume = 215,
    pages = {723-732},
}
@ARTICLE{1994MNRAS.266..399F,
   author = {{Ferland} et al.},
  journal = {\mnras},
     year = 1994,
   volume = 266,
    pages = {399-+},
}
@ARTICLE{1995ApJ...452..164V,
   author = {{Voit} et al.},
  journal = {\apj},
     year = 1995,
   volume = 452,
    pages = {164-+},
}
@ARTICLE{1995MNRAS.276..663B,
   author = {{Binney} et al.},
  journal = {\mnras},
     year = 1995,
   volume = 276,
    pages = {663-+},
}
@ARTICLE{2002MNRAS.330..329B,
   author = {{Babul} et al.},
  journal = {\mnras},
     year = 2002,
   volume = 330,
    pages = {329-343},
}
@ARTICLE{2005ApJ...630L..13D,
   author = {{Donahue} et al.},
  journal = {\apjl},
     year = 2005,
   volume = 630,
    pages = {L13-L16},
}
@ARTICLE{1979ApJ...231...77D,
   author = {{Draine} et al.},
  journal = {\apj},
     year = 1979,
   volume = 231,
    pages = {77-94},
}
