
@article{1986MNRAS.222..323K,
	author = {{Kaiser}, N.},
	title = "{Evolution and clustering of rich clusters}",
	journal = {\mnras},
	year = 1986,
	month = sep,
	volume = 222,
	pages = {323-345},
	adsurl = {http://adsabs.harvard.edu/abs/1986MNRAS.222..323K},
	adsnote = {Provided by the Smithsonian/NASA Astrophysics Data System}
}

@article{1991ApJ...383..104K,
	author = {{Kaiser}, N.},
	title = "{Evolution of clusters of galaxies}",
	journal = {\apj},
	year = 1991,
	month = dec,
	volume = 383,
	pages = {104-111},
	doi = {10.1086/170768},
	adsurl = {http://adsabs.harvard.edu/abs/1991ApJ...383..104K},
	adsnote = {Provided by the Smithsonian/NASA Astrophysics Data System}
}

@article{1993ApJ...413..492M,
	author = {{Mohr}, J.~J. and {Fabricant}, D.~G. and {Geller}, M.~J.},
	title = "{An X-ray method for detecting substructure in galaxy clusters - Application to Perseus, A2256, Centaurus, Coma, and Sersic 40/6}",
	journal = {\apj},
	year = 1993,
	month = aug,
	volume = 413,
	pages = {492-505},
	doi = {10.1086/173019},
	adsurl = {http://adsabs.harvard.edu/abs/1993ApJ...413..492M},
	adsnote = {Provided by the Smithsonian/NASA Astrophysics Data System}
}

@article{1993ApJ...419L...9E,
	author = {{Evrard}, A.~E. and {Mohr}, J.~J. and {Fabricant}, D.~G. and 
	{Geller}, M.~J.},
	title = "{A Morphology-Cosmology Connection for X-Ray Clusters}",
	journal = {\apjl},
	eprint = {arXiv:astro-ph/9310002},
	year = 1993,
	month = dec,
	volume = 419,
	pages = {L9+},
	doi = {10.1086/187124},
	adsurl = {http://adsabs.harvard.edu/abs/1993ApJ...419L...9E},
	adsnote = {Provided by the Smithsonian/NASA Astrophysics Data System}
}

@article{1994MNRAS.268..953P,
	author = {{Pearce}, F.~R. and {Thomas}, P.~A. and {Couchman}, H.~M.~P.
	},
	title = "{Head-On Mergers of Systems Containing Gas}",
	journal = {\mnras},
	eprint = {arXiv:astro-ph/9310023},
	year = 1994,
	month = jun,
	volume = 268,
	pages = {953-+},
	adsurl = {http://adsabs.harvard.edu/abs/1994MNRAS.268..953P},
	adsnote = {Provided by the Smithsonian/NASA Astrophysics Data System}
}

@article{1995ApJ...447....8M,
	author = {{Mohr}, J.~J. and {Evrard}, A.~E. and {Fabricant}, D.~G. and 
	{Geller}, M.~J.},
	title = "{Cosmological Constraints from Observed Cluster X-Ray Morphologies}",
	journal = {\apj},
	eprint = {arXiv:astro-ph/9501011},
	year = 1995,
	month = jul,
	volume = 447,
	pages = {8-+},
	doi = {10.1086/175852},
	adsurl = {http://adsabs.harvard.edu/abs/1995ApJ...447....8M},
	adsnote = {Provided by the Smithsonian/NASA Astrophysics Data System}
}

@article{1995ApJ...452..522B,
	author = {{Buote}, D.~A. and {Tsai}, J.~C.},
	title = "{Quantifying the Morphologies and Dynamical Evolution of Galaxy Clusters. I. The Method}",
	journal = {\apj},
	eprint = {arXiv:astro-ph/9502002},
	year = 1995,
	month = oct,
	volume = 452,
	pages = {522-+},
	doi = {10.1086/176326},
	adsurl = {http://adsabs.harvard.edu/abs/1995ApJ...452..522B},
	adsnote = {Provided by the Smithsonian/NASA Astrophysics Data System}
}

@article{1996ApJ...458...27B,
	author = {{Buote}, D.~A. and {Tsai}, J.~C.},
	title = "{Quantifying the Morphologies and Dynamical Evolution of Galaxy Clusters. II. Application to a Sample of ROSAT Clusters}",
	journal = {\apj},
	eprint = {arXiv:astro-ph/9504046},
	year = 1996,
	month = feb,
	volume = 458,
	pages = {27-+},
	doi = {10.1086/176790},
	adsurl = {http://adsabs.harvard.edu/abs/1996ApJ...458...27B},
	adsnote = {Provided by the Smithsonian/NASA Astrophysics Data System}
}

@article{2001A&A...378..408S,
	author = {{Schuecker}, P. and {B{\"o}hringer}, H. and {Reiprich}, T.~H. and 
	{Feretti}, L.},
	title = "{A systematic study of X-ray substructure of galaxy clusters detected in the ROSAT All-Sky Survey}",
	journal = {\aap},
	eprint = {arXiv:astro-ph/0109030},
	year = 2001,
	month = nov,
	volume = 378,
	pages = {408-427},
	doi = {10.1051/0004-6361:20011215},
	adsurl = {http://adsabs.harvard.edu/abs/2001A%26A...378..408S},
	adsnote = {Provided by the Smithsonian/NASA Astrophysics Data System}
}

@article{2002ApJ...577..569L,
	author = {{Levine}, E.~S. and {Schulz}, A.~E. and {White}, M.},
	title = "{Future Galaxy Cluster Surveys: The Effect of Theory Uncertainty on Constraining Cosmological Parameters}",
	journal = {\apj},
	eprint = {arXiv:astro-ph/0204273},
	year = 2002,
	month = oct,
	volume = 577,
	pages = {569-578},
	doi = {10.1086/342119},
	adsurl = {http://adsabs.harvard.edu/abs/2002ApJ...577..569L},
	adsnote = {Provided by the Smithsonian/NASA Astrophysics Data System}
}

@article{2003PhRvD..67h1304H,
	author = {{Hu}, W.},
	title = "{Self-consistency and calibration of cluster number count surveys for dark energy}",
	journal = {\prd},
	eprint = {arXiv:astro-ph/0301416},
	year = 2003,
	month = apr,
	volume = 67,
	number = 8,
	pages = {081304-+},
	adsurl = {http://adsabs.harvard.edu/abs/2003PhRvD..67h1304H},
	adsnote = {Provided by the Smithsonian/NASA Astrophysics Data System}
}

@article{2004Ap&SS.294...51B,
	author = {{Borgani}, S.},
	title = "{Hydrodynamical Simulations of Galaxy Clusters}",
	journal = {\apss},
	year = 2004,
	month = nov,
	volume = 294,
	pages = {51-56},
	doi = {10.1007/s10509-004-4021-7},
	adsurl = {http://adsabs.harvard.edu/abs/2004Ap%26SS.294...51B},
	adsnote = {Provided by the Smithsonian/NASA Astrophysics Data System}
}

@article{2004ApJ...613...41M,
	author = {{Majumdar}, S. and {Mohr}, J.~J.},
	title = "{Self-Calibration in Cluster Studies of Dark Energy: Combining the Cluster Redshift Distribution, the Power Spectrum, and Mass Measurements}",
	journal = {\apj},
	eprint = {arXiv:astro-ph/0305341},
	year = 2004,
	month = sep,
	volume = 613,
	pages = {41-50},
	doi = {10.1086/422829},
	adsurl = {http://adsabs.harvard.edu/abs/2004ApJ...613...41M},
	adsnote = {Provided by the Smithsonian/NASA Astrophysics Data System}
}

@article{2004MNRAS.354...10M,
	author = {{Mazzotta}, P. and {Rasia}, E. and {Moscardini}, L. and {Tormen}, G.
	},
	title = "{Comparing the temperatures of galaxy clusters from hydrodynamical N-body simulations to Chandra and XMM-Newton observations}",
	journal = {\mnras},
	eprint = {arXiv:astro-ph/0409618},
	year = 2004,
	month = oct,
	volume = 354,
	pages = {10-24},
	doi = {10.1111/j.1365-2966.2004.08167.x},
	adsurl = {http://adsabs.harvard.edu/abs/2004MNRAS.354...10M},
	adsnote = {Provided by the Smithsonian/NASA Astrophysics Data System}
}

@ARTICLE{2004MNRAS.354...10M,
   author = {{Mazzotta}, P. and {Rasia}, E. and {Moscardini}, L. and {Tormen}, G.
	},
    title = "{Comparing the temperatures of galaxy clusters from hydrodynamical N-body simulations to Chandra and XMM-Newton observations}",
  journal = {\mnras},
   eprint = {arXiv:astro-ph/0409618},
     year = 2004,
    month = oct,
   volume = 354,
    pages = {10-24},
      doi = {10.1111/j.1365-2966.2004.08167.x},
   adsurl = {http://adsabs.harvard.edu/abs/2004MNRAS.354...10M},
  adsnote = {Provided by the Smithsonian/NASA Astrophysics Data System}
}

@ARTICLE{2004astro.ph..4425M,
   author = {{Mazzotta}, P. and {Rasia}, E. and {Moscardini}, L. and {Tormen}, G.
	},
    title = "{Comparing the temperatures of galaxy clusters from hydro-N-body simulations to Chandra and XMM-Newton observations}",
  journal = {ArXiv Astrophysics e-prints},
   eprint = {astro-ph/0404425},
     year = 2004,
    month = apr,
   adsurl = {http://adsabs.harvard.edu/abs/2004astro.ph..4425M},
  adsnote = {Provided by the Smithsonian/NASA Astrophysics Data System}
}

@article{2006ApJ...639...64O,
	author = {{O'Hara}, T.~B. and {Mohr}, J.~J. and {Bialek}, J.~J. and {Evrard}, A.~E.
	},
	title = "{Effects of Mergers and Core Structure on the Bulk Properties of Nearby Galaxy Clusters}",
	journal = {\apj},
	eprint = {arXiv:astro-ph/0510064},
	year = 2006,
	month = mar,
	volume = 639,
	pages = {64-80},
	doi = {10.1086/499327},
	adsurl = {http://adsabs.harvard.edu/abs/2006ApJ...639...64O},
	adsnote = {Provided by the Smithsonian/NASA Astrophysics Data System}
}

@article{2006NewA...12...71V,
	author = {{Valdarnini}, R.},
	title = "{X-ray temperature spectroscopy of simulated cooling clusters}",
	journal = {New Astronomy},
	eprint = {arXiv:astro-ph/0606481},
	year = 2006,
	month = oct,
	volume = 12,
	pages = {71-93},
	doi = {10.1016/j.newast.2006.06.005},
	adsurl = {http://adsabs.harvard.edu/abs/2006NewA...12...71V},
	adsnote = {Provided by the Smithsonian/NASA Astrophysics Data System}
}

@article{Goldhaber2001Timescale-Stret,
	adsnote = {Provided by the Smithsonian/NASA Astrophysics Data System},
	adsurl = {http://adsabs.harvard.edu/cgi-bin/nph-bib_query?bibcode=2001ApJ...558..359G&db_key=AST},
	author = {{Goldhaber}, G. and {Groom}, D.~E. and {Kim}, A. and {Aldering}, G. and {Astier}, P. and {Conley}, A. and {Deustua}, S.~E. and {Ellis}, R. and {Fabbro}, S. and {Fruchter}, A.~S. and {Goobar}, A. and {Hook}, I. and {Irwin}, M. and {Kim}, M. and {Knop}, R.~A. and {Lidman}, C. and {McMahon}, R. and {Nugent}, P.~E. and {Pain}, R. and {Panagia}, N. and {Pennypacker}, C.~R. and {Perlmutter}, S. and {Ruiz-Lapuente}, P. and {Schaefer}, B. and {Walton}, N.~A. and {York}, T.},
	date-added = {2007-03-20 08:38:52 -0400},
	date-modified = {2007-03-20 08:39:10 -0400},
	doi = {10.1086/322460},
	eprint = {astro-ph/0104382},
	journal = {\apj},
	local-url = {file://localhost/Users/Shared/Articles/Goldhaber/Timescale%20Stretch%20Parameterization%20of%20Type%20Ia%20Supernova.pdf},
	month = sep,
	pages = {359-368},
	title = {{Timescale Stretch Parameterization of Type Ia Supernova B-Band Light Curves}},
	volume = 558,
	year = 2001
}

@book{Numerical-Recipes,
	author = "{Press}, W.~H. and {Teukolsky}, S.~A. and {Vetterling}, W.~T. and {Flannery}, B.~P.",
	title = "Numerical Recipes In Fortran 90:  The Art of Scientific Computing",
	edition = "2nd",
	publisher = "Cambridge University Press",
	address = "Cambridge (UK) and New York",
	year = 1996,
	isbn = "0-521-57439-0"
}

@article{Voit:2004ah,
	author = "Voit, G. Mark",
	title = "Tracing cosmic evolution with clusters of galaxies",
	year = "2004",
	eprint = "astro-ph/0410173",
	slaccitation = "%%CITATION = ASTRO-PH/0410173;%%"
}

@article{Voit:2005PhysRevD,
	author = "Voit, G. Mark",
	title = "Tracing Cosmic Evolution with clusters of galaxies",
	year = "2005",
	month = apr,
	journal = {\prd},
	volume = 77,
	pages = {207-259}
}

@article{hillebrandt.niemeyer:type,
	adsnote = {Provided by the NASA Astrophysics Data System},
	adsurl = {http://adsabs.harvard.edu/cgi-bin/nph-bib_query?bibcode=2000ARA%26A..38..191H&amp;db_key=AST},
	author = {{Hillebrandt}, W. and {Niemeyer}, J.~C.},
	date-modified = {2006-06-07 11:56:12 -0400},
	journal = {\araa},
	local-url = {file://localhost/Users/Shared/Articles/Hillebrandt/Type%20IA%20Supernova%20Explosion%20Models.pdf},
	pages = {191},
	title = {{Type Ia Supernova Explosion Models}},
	volume = {38},
	year = {2000}
}

@article{leibundgut:cosmological,
	adsnote = {Provided by the NASA Astrophysics Data System},
	adsurl = {http://adsabs.harvard.edu/cgi-bin/nph-bib_query?bibcode=2001ARA%26A..39...67L&amp;db_key=AST},
	author = {{Leibundgut}, B.},
	date-modified = {2005-05-03 09:49:17 -0400},
	journal = {\araa},
	local-url = {file://localhost/Users/Shared/Articles/Leibundgut/Cosmological%20Implications%20from%20Observations%20of%20Type.pdf},
	pages = {67-98},
	title = {Cosmological Implications from Observations of Type Ia Supernovae},
	volume = {39},
	year = {2001}
}

@ARTICLE{2005MNRAS.364.1105S,
   author = {{Springel}, V.},
    title = "{The cosmological simulation code GADGET-2}",
  journal = {\mnras},
   eprint = {arXiv:astro-ph/0505010},
     year = 2005,
    month = dec,
   volume = 364,
    pages = {1105-1134},
      doi = {10.1111/j.1365-2966.2005.09655.x},
   adsurl = {http://adsabs.harvard.edu/abs/2005MNRAS.364.1105S},
  adsnote = {Provided by the Smithsonian/NASA Astrophysics Data System}
}

@ARTICLE{2004astro.ph.12536M,
   author = {{Mazzotta}, P. and {Rasia}, E. and {Borgani}, S. and {Moscardini}, L. and 
	{Dolag}, K. and {Tormen}, G.},
    title = "{Spectroscopic-Like Temperature of Clusters of Galaxies and Cosmological Implications}",
  journal = {ArXiv Astrophysics e-prints},
   eprint = {astro-ph/0412536},
     year = 2004,
    month = dec,
   adsurl = {http://adsabs.harvard.edu/abs/2004astro.ph.12536M},
  adsnote = {Provided by the Smithsonian/NASA Astrophysics Data System}
}

@ARTICLE{2001ApJ...546..100M,
   author = {{Mathiesen}, B.~F. and {Evrard}, A.~E.},
    title = "{Four Measures of the Intracluster Medium Temperature and Their Relation to a Cluster's Dynamical State}",
  journal = {\apj},
   eprint = {arXiv:astro-ph/0004309},
     year = 2001,
    month = jan,
   volume = 546,
    pages = {100-116},
      doi = {10.1086/318249},
   adsurl = {http://adsabs.harvard.edu/abs/2001ApJ...546..100M},
  adsnote = {Provided by the Smithsonian/NASA Astrophysics Data System}
}

@ARTICLE{2006ApJ...650..128K,
   author = {{Kravtsov}, A.~V. and {Vikhlinin}, A. and {Nagai}, D.},
    title = "{A New Robust Low-Scatter X-Ray Mass Indicator for Clusters of Galaxies}",
  journal = {\apj},
   eprint = {arXiv:astro-ph/0603205},
     year = 2006,
    month = oct,
   volume = 650,
    pages = {128-136},
      doi = {10.1086/506319},
   adsurl = {http://adsabs.harvard.edu/abs/2006ApJ...650..128K},
  adsnote = {Provided by the Smithsonian/NASA Astrophysics Data System}
}

@ARTICLE{2007MNRAS.380..437P,
   author = {{Poole}, G.~B. and {Babul}, A. and {McCarthy}, I.~G. and {Fardal}, M.~A. and 
	{Bildfell}, C.~J. and {Quinn}, T. and {Mahdavi}, A.},
    title = "{The impact of mergers on relaxed X-ray clusters - II. Effects on global X-ray and Sunyaev-Zel'dovich properties and their scaling relations}",
  journal = {\mnras},
   eprint = {arXiv:astro-ph/0701586},
     year = 2007,
    month = sep,
   volume = 380,
    pages = {437-454},
      doi = {10.1111/j.1365-2966.2007.12107.x},
   adsurl = {http://adsabs.harvard.edu/abs/2007MNRAS.380..437P},
  adsnote = {Provided by the Smithsonian/NASA Astrophysics Data System}
}

@ARTICLE{2005PhRvD..72d3006L,
   author = {{Lima}, M. and {Hu}, W.},
    title = "{Self-calibration of cluster dark energy studies: Observable-mass distribution}",
  journal = {\prd},
   eprint = {arXiv:astro-ph/0503363},
     year = 2005,
    month = aug,
   volume = 72,
   number = 4,
    pages = {043006-+},
      doi = {10.1103/PhysRevD.72.043006},
   adsurl = {http://adsabs.harvard.edu/abs/2005PhRvD..72d3006L},
  adsnote = {Provided by the Smithsonian/NASA Astrophysics Data System}
}

@ARTICLE{2007astro.ph..2241E,
   author = {{Evrard}, A.~E. and {Bialek}, J. and {Busha}, M. and {White}, M. and 
	{Habib}, S. and {Heitmann}, K. and {Warren}, M. and {Rasia}, E. and 
	{Tormen}, G. and {Moscardini}, L. and {Power}, C. and {Jenkins}, A.~R. and 
	{Gao}, L. and {Frenk}, C.~S. and {Springel}, V. and {White}, S.~D.~M. and 
	{Diemand}, J.},
    title = "{Virial Scaling of Massive Dark Matter Halos: Why Clusters Prefer a High Normalization Cosmology}",
  journal = {ArXiv Astrophysics e-prints},
   eprint = {astro-ph/0702241},
     year = 2007,
    month = feb,
   adsurl = {http://adsabs.harvard.edu/abs/2007astro.ph..2241E},
  adsnote = {Provided by the Smithsonian/NASA Astrophysics Data System}
}

@ARTICLE{1997MNRAS.290..411T,
   author = {{Tormen}, G.},
    title = "{The rise and fall of satellites in galaxy clusters}",
  journal = {\mnras},
   eprint = {arXiv:astro-ph/9611078},
     year = 1997,
    month = sep,
   volume = 290,
    pages = {411-421},
   adsurl = {http://adsabs.harvard.edu/abs/1997MNRAS.290..411T},
  adsnote = {Provided by the Smithsonian/NASA Astrophysics Data System}
}

@ARTICLE{2007arXiv0708.1518J,
   author = {{Jeltema}, T.~E. and {Hallman}, E.~J. and {Burns}, J.~O. and 
	{Motl}, P.~M.},
    title = "{Cluster Structure in Cosmological Simulations I: Correlation to Observables, Mass Estimates, and Evolution}",
  journal = {ArXiv e-prints},
   eprint = {0708.1518},
     year = 2007,
    month = aug,
   volume = 708,
   adsurl = {http://adsabs.harvard.edu/abs/2007arXiv0708.1518J},
  adsnote = {Provided by the Smithsonian/NASA Astrophysics Data System}
}

@ARTICLE{1995MNRAS.275..720N,
   author = {{Navarro}, J.~F. and {Frenk}, C.~S. and {White}, S.~D.~M.},
    title = "{Simulations of X-ray clusters}",
  journal = {\mnras},
   eprint = {arXiv:astro-ph/9408069},
     year = 1995,
    month = aug,
   volume = 275,
    pages = {720-740},
   adsurl = {http://adsabs.harvard.edu/abs/1995MNRAS.275..720N},
  adsnote = {Provided by the Smithsonian/NASA Astrophysics Data System}
}

@ARTICLE{1990ApJ...363..349E,
   author = {{Evrard}, A.~E.},
    title = "{Formation and evolution of X-ray clusters - A hydrodynamic simulation of the intracluster medium}",
  journal = {\apj},
     year = 1990,
    month = nov,
   volume = 363,
    pages = {349-366},
      doi = {10.1086/169350},
   adsurl = {http://adsabs.harvard.edu/abs/1990ApJ...363..349E},
  adsnote = {Provided by the Smithsonian/NASA Astrophysics Data System}
}

@ARTICLE{1988MNRAS.235..911E,
   author = {{Evrard}, A.~E.},
    title = "{Beyond N-body - 3D cosmological gas dynamics}",
  journal = {\mnras},
     year = 1988,
    month = dec,
   volume = 235,
    pages = {911-934},
   adsurl = {http://adsabs.harvard.edu/abs/1988MNRAS.235..911E},
  adsnote = {Provided by the Smithsonian/NASA Astrophysics Data System}
}

@ARTICLE{1996ApJ...473...88R,
   author = {{Riess}, A.~G. and {Press}, W.~H. and {Kirshner}, R.~P.},
    title = "{A Precise Distance Indicator: Type IA Supernova Multicolor Light-Curve Shapes}",
  journal = {\apj},
   eprint = {arXiv:astro-ph/9604143},
     year = 1996,
    month = dec,
   volume = 473,
    pages = {88-+},
      doi = {10.1086/178129},
   adsurl = {http://adsabs.harvard.edu/abs/1996ApJ...473...88R},
  adsnote = {Provided by the Smithsonian/NASA Astrophysics Data System}
}

@ARTICLE{1993ApJ...413L.105P,
   author = {{Phillips}, M.~M.},
    title = "{The absolute magnitudes of Type IA supernovae}",
  journal = {\apjl},
     year = 1993,
    month = aug,
   volume = 413,
    pages = {L105-L108},
      doi = {10.1086/186970},
   adsurl = {http://adsabs.harvard.edu/abs/1993ApJ...413L.105P},
  adsnote = {Provided by the Smithsonian/NASA Astrophysics Data System}
}

@ARTICLE{2006ApJ...640..710V,
   author = {{Vikhlinin}, A.},
    title = "{Predicting a Single-Temperature Fit to Multicomponent Thermal Plasma Spectra}",
  journal = {\apj},
   eprint = {arXiv:astro-ph/0504098},
     year = 2006,
    month = apr,
   volume = 640,
    pages = {710-715},
      doi = {10.1086/500121},
   adsurl = {http://adsabs.harvard.edu/abs/2006ApJ...640..710V},
  adsnote = {Provided by the Smithsonian/NASA Astrophysics Data System}
}

@ARTICLE{2004MNRAS.348.1078B,
   author = {{Borgani}, S. and {Murante}, G. and {Springel}, V. and {Diaferio}, A. and 
	{Dolag}, K. and {Moscardini}, L. and {Tormen}, G. and {Tornatore}, L. and 
	{Tozzi}, P.},
    title = "{X-ray properties of galaxy clusters and groups from a cosmological hydrodynamical simulation}",
  journal = {\mnras},
   eprint = {arXiv:astro-ph/0310794},
     year = 2004,
    month = mar,
   volume = 348,
    pages = {1078-1096},
      doi = {10.1111/j.1365-2966.2004.07431.x},
   adsurl = {http://adsabs.harvard.edu/abs/2004MNRAS.348.1078B},
  adsnote = {Provided by the Smithsonian/NASA Astrophysics Data System}
}

@ARTICLE{2006MNRAS.373..397S,
   author = {{Saro}, A. and {Borgani}, S. and {Tornatore}, L. and {Dolag}, K. and 
	{Murante}, G. and {Biviano}, A. and {Calura}, F. and {Charlot}, S.
	},
    title = "{Properties of the galaxy population in hydrodynamical simulations of clusters}",
  journal = {\mnras},
   eprint = {arXiv:astro-ph/0609191},
     year = 2006,
    month = nov,
   volume = 373,
    pages = {397-410},
      doi = {10.1111/j.1365-2966.2006.11046.x},
   adsurl = {http://adsabs.harvard.edu/abs/2006MNRAS.373..397S},
  adsnote = {Provided by the Smithsonian/NASA Astrophysics Data System}
}

@ARTICLE{1998ApJ...508..483W,
   author = {{Wang}, L. and {Steinhardt}, P.~J.},
    title = "{Cluster Abundance Constraints for Cosmological Models with a Time-varying, Spatially Inhomogeneous Energy Component with Negative Pressure}",
  journal = {\apj},
   eprint = {arXiv:astro-ph/9804015},
     year = 1998,
    month = dec,
   volume = 508,
    pages = {483-490},
      doi = {10.1086/306436},
   adsurl = {http://adsabs.harvard.edu/abs/1998ApJ...508..483W},
  adsnote = {Provided by the SAO/NASA Astrophysics Data System}
}

@ARTICLE{2003MNRAS.342.1025T,
   author = {{Tornatore}, L. and {Borgani}, S. and {Springel}, V. and {Matteucci}, F. and 
	{Menci}, N. and {Murante}, G.},
    title = "{Cooling and heating the intracluster medium in hydrodynamical simulations}",
  journal = {\mnras},
   eprint = {arXiv:astro-ph/0302575},
     year = 2003,
    month = jul,
   volume = 342,
    pages = {1025-1040},
      doi = {10.1046/j.1365-8711.2003.06631.x},
   adsurl = {http://adsabs.harvard.edu/abs/2003MNRAS.342.1025T},
  adsnote = {Provided by the SAO/NASA Astrophysics Data System}
}

@ARTICLE{2007ApJ...668....1N,
   author = {{Nagai}, D. and {Kravtsov}, A.~V. and {Vikhlinin}, A.},
    title = "{Effects of Galaxy Formation on Thermodynamics of the Intracluster Medium}",
  journal = {\apj},
   eprint = {arXiv:astro-ph/0703661},
     year = 2007,
    month = oct,
   volume = 668,
    pages = {1-14},
      doi = {10.1086/521328},
   adsurl = {http://adsabs.harvard.edu/abs/2007ApJ...668....1N},
  adsnote = {Provided by the SAO/NASA Astrophysics Data System}
}

@ARTICLE{1994MNRAS.267..779F,
   author = {{Fabian}, A.~C. and {Crawford}, C.~S. and {Edge}, A.~C. and 
	{Mushotzky}, R.~F.},
    title = "{Cooling flows and the X-ray luminosity-temperature relation for clusters}",
  journal = {\mnras},
     year = 1994,
    month = apr,
   volume = 267,
    pages = {779-+},
   adsurl = {http://adsabs.harvard.edu/abs/1994MNRAS.267..779F},
  adsnote = {Provided by the SAO/NASA Astrophysics Data System}
}

@ARTICLE{1998ApJ...504...27M,
   author = {{Markevitch}, M.},
    title = "{The L X-T Relation and Temperature Function for Nearby Clusters Revisited}",
  journal = {\apj},
   eprint = {arXiv:astro-ph/9802059},
     year = 1998,
    month = sep,
   volume = 504,
    pages = {27-+},
      doi = {10.1086/306080},
   adsurl = {http://adsabs.harvard.edu/abs/1998ApJ...504...27M},
  adsnote = {Provided by the SAO/NASA Astrophysics Data System}
}

@ARTICLE{2004ApJ...613..811M,
   author = {{McCarthy}, I.~G. and {Balogh}, M.~L. and {Babul}, A. and {Poole}, G.~B. and 
	{Horner}, D.~J.},
    title = "{Models of the Intracluster Medium with Heating and Cooling: Explaining the Global and Structural X-Ray Properties of Clusters}",
  journal = {\apj},
   eprint = {arXiv:astro-ph/0406329},
     year = 2004,
    month = oct,
   volume = 613,
    pages = {811-830},
      doi = {10.1086/423267},
   adsurl = {http://adsabs.harvard.edu/abs/2004ApJ...613..811M},
  adsnote = {Provided by the SAO/NASA Astrophysics Data System}
}

@ARTICLE{2007MNRAS.377..317K,
   author = {{Kay}, S.~T. and {da Silva}, A.~C. and {Aghanim}, N. and {Blanchard}, A. and 
	{Liddle}, A.~R. and {Puget}, J.-L. and {Sadat}, R. and {Thomas}, P.~A.
	},
    title = "{The evolution of clusters in the CLEF cosmological simulation: X-ray structural and scaling properties}",
  journal = {\mnras},
   eprint = {arXiv:astro-ph/0611017},
     year = 2007,
    month = may,
   volume = 377,
    pages = {317-334},
      doi = {10.1111/j.1365-2966.2007.11605.x},
   adsurl = {http://adsabs.harvard.edu/abs/2007MNRAS.377..317K},
  adsnote = {Provided by the SAO/NASA Astrophysics Data System}
}

@ARTICLE{2002ApJ...576..601V,
   author = {{Voit}, G.~M. and {Bryan}, G.~L. and {Balogh}, M.~L. and {Bower}, R.~G.
	},
    title = "{Modified Entropy Models for the Intracluster Medium}",
  journal = {\apj},
   eprint = {arXiv:astro-ph/0205240},
     year = 2002,
    month = sep,
   volume = 576,
    pages = {601-624},
      doi = {10.1086/341864},
   adsurl = {http://adsabs.harvard.edu/abs/2002ApJ...576..601V},
  adsnote = {Provided by the SAO/NASA Astrophysics Data System}
}
